<?xml version="1.0" encoding="UTF-8"?><collection xmlns="http://www.loc.gov/MARC21/slim"><record><leader>00390nam--2200145-i-4500</leader><controlfield tag="001">000043457</controlfield><controlfield tag="002">20161230</controlfield><controlfield tag="005">20161230201044</controlfield><controlfield tag="008">060222s1000------------r-----000-0-eng-d</controlfield><datafield ind1=" " ind2=" " tag="080"><subfield code="a">517.988.5</subfield></datafield><datafield ind1="1" ind2=" " tag="100"><subfield code="a">Szulkin,Andrzej</subfield></datafield><datafield ind1="1" ind2="0" tag="245"><subfield code="a">Some problems in nonlinear operator theory</subfield></datafield><datafield ind1=" " ind2=" " tag="260"><subfield code="a">Sweeden, Univ.Of Stockhollm, 1982. 129 P</subfield></datafield><datafield ind1=" " ind2=" " tag="852"><subfield code="a">71022</subfield><subfield code="c">517.9</subfield></datafield><datafield ind1=" " ind2=" " tag="CAT"><subfield code="a">Sys</subfield><subfield code="c">20090413</subfield><subfield code="h">121403</subfield></datafield></record></collection>